<?xml version="1.0" encoding="UTF-8"?><collection xmlns="http://www.loc.gov/MARC21/slim"><record><leader>00649nam--2200193-i-4500</leader><controlfield tag="001">000030859</controlfield><controlfield tag="002">20161230</controlfield><controlfield tag="005">20170119112853</controlfield><controlfield tag="008">060222s1000------------r-----000-0-rum-d</controlfield><datafield ind1=" " ind2=" " tag="040"><subfield code="a">IFIN-HH</subfield></datafield><datafield ind1=" " ind2=" " tag="041"><subfield code="a">rum</subfield></datafield><datafield ind1=" " ind2=" " tag="080"><subfield code="a">621.3</subfield></datafield><datafield ind1="1" ind2=" " tag="100"><subfield code="a">Liubcik, M.A</subfield></datafield><datafield ind1="1" ind2="0" tag="245"><subfield code="a">Electromagneti de curent continuu si alternativ. Calcul si proiectare</subfield><subfield code="b">Traducere completata si adaptata din din l. rusa</subfield><subfield code="c">M.A. Liubcik</subfield></datafield><datafield ind1=" " ind2=" " tag="260"><subfield code="a">Bucuresti</subfield><subfield code="b">Editura Tehnica</subfield><subfield code="c">1963</subfield></datafield><datafield ind1=" " ind2=" " tag="300"><subfield code="a">291p</subfield></datafield><datafield ind1=" " ind2=" " tag="500"><subfield code="a">Titlul original in limba rusa: Rascet i proektirovanie elektromagnitov postoiannogo i peremennogo toka</subfield></datafield><datafield ind1=" " ind2=" " tag="852"><subfield code="a">9361</subfield><subfield code="c">621.3</subfield></datafield><datafield ind1=" " ind2=" " tag="CAT"><subfield code="a">SYS</subfield><subfield code="c">20170119</subfield><subfield code="h">112853</subfield></datafield></record></collection>